@book{Goodfellow-et-al-2016,
    title={Deep Learning},
    author={Ian Goodfellow and Yoshua Bengio and Aaron Courville},
    publisher={MIT Press},
    note={\url{http://www.deeplearningbook.org}},
    year={2016}
}

@book{neural-net-nielsen,
    author = {Michael A. Nielsen},
    title = {Neural Network and Deep Learning},
    publisher = {Determination Press},
    year = {2015},
}

@article{perceptron,
  author = {F. Rosenblatt},
  title = {The Perceptron: A Probabilistic Model for Information Storage and Organization in The Brain},
  journal = {Psychological Review},
  year = {1958},
  pages = {65--386},
  url = {https://citeseerx.ist.psu.edu/viewdoc/summary?doi=10.1.1.588.3775}
}

@book{hebb-learning,
   title =     {The Organization of Behavior},
   author =    {D.O. Hebb},
   publisher = {},
   year =      {1949},
}


@ARTICLE{survey-sr,
       author = {{Anwar}, Saeed and {Khan}, Salman and {Barnes}, Nick},
        title = "{A Deep Journey into Super-resolution: A survey}",
      journal = {arXiv e-prints},
     keywords = {Computer Science - Computer Vision and Pattern Recognition},
         year = 2019,
        month = apr,
          eid = {arXiv:1904.07523},
        pages = {arXiv:1904.07523},
archivePrefix = {arXiv},
       eprint = {1904.07523},
 primaryClass = {cs.CV},
       adsurl = {https://ui.adsabs.harvard.edu/abs/2019arXiv190407523A},
      adsnote = {Provided by the SAO/NASA Astrophysics Data System}
}

